@BOOK{lamport94,
  title = {{\LaTeX}: a Document Preparation System},
  publisher = {Addison Wesley},
  year = {1994},
  author = {Leslie Lamport},
  edition = {2nd Edition}
}
